@book {B99,
    AUTHOR = {Billingsley, Patrick},
     TITLE = {Convergence of probability measures},
    SERIES = {Wiley Series in Probability and Statistics: Probability and
              Statistics},
   EDITION = {Second},
      NOTE = {A Wiley-Interscience Publication},
 PUBLISHER = {John Wiley \& Sons, Inc., New York},
      YEAR = {1999},
     PAGES = {x+277},
      ISBN = {0-471-19745-9},
   MRCLASS = {60B10 (28A33 60F17)},
  MRNUMBER = {1700749},
       DOI = {10.1002/9780470316962},
       URL = {https://doi.org/10.1002/9780470316962},
}

@article {CD99,
    AUTHOR = {Chaumont, L. and Doney, R. A.},
     TITLE = {Pathwise uniqueness for perturbed versions of {B}rownian
              motion and reflected {B}rownian motion},
   JOURNAL = {Probab. Theory Related Fields},
  FJOURNAL = {Probability Theory and Related Fields},
    VOLUME = {113},
      YEAR = {1999},
    NUMBER = {4},
     PAGES = {519--534},
      ISSN = {0178-8051,1432-2064},
   MRCLASS = {60J65 (60G51 60J20)},
  MRNUMBER = {1717529},
MRREVIEWER = {S.\ Ramasubramanian},
       DOI = {10.1007/s004400050216},
       URL = {https://doi.org/10.1007/s004400050216},
}

@article {Dav99,
    AUTHOR = {Davis, Burgess},
     TITLE = {Brownian motion and random walk perturbed at extrema},
   JOURNAL = {Probab. Theory Related Fields},
  FJOURNAL = {Probability Theory and Related Fields},
    VOLUME = {113},
      YEAR = {1999},
    NUMBER = {4},
     PAGES = {501--518},
      ISSN = {0178-8051,1432-2064},
   MRCLASS = {60F05 (60F17 60G50 60J65)},
  MRNUMBER = {1717528},
       DOI = {10.1007/s004400050215},
       URL = {https://doi.org/10.1007/s004400050215},
}

@article {DK12,
    AUTHOR = {Dolgopyat, Dmitry and Kosygina, Elena},
     TITLE = {Scaling limits of recurrent excited random walks on integers},
   JOURNAL = {Electron. Commun. Probab.},
  FJOURNAL = {Electronic Communications in Probability},
    VOLUME = {17},
      YEAR = {2012},
     PAGES = {no. 35, 14},
      ISSN = {1083-589X},
   MRCLASS = {60K37 (60F17 60G50)},
  MRNUMBER = {2965748},
MRREVIEWER = {Bruno\ Schapira},
       DOI = {10.1214/ECP.v17-2213},
       URL = {https://doi.org/10.1214/ECP.v17-2213},
}

@article {KMP23,
    AUTHOR = {Kosygina, Elena and Mountford, Thomas and Peterson, Jonathon},
     TITLE = {Convergence and nonconvergence of scaled self-interacting
              random walks to {B}rownian motion perturbed at extrema},
   JOURNAL = {Ann. Probab.},
  FJOURNAL = {The Annals of Probability},
    VOLUME = {51},
      YEAR = {2023},
    NUMBER = {5},
     PAGES = {1684--1728},
      ISSN = {0091-1798,2168-894X},
   MRCLASS = {60K35 (60F17 60J65)},
  MRNUMBER = {4642221},
       DOI = {10.1214/23-aop1629},
       URL = {https://doi.org/10.1214/23-aop1629},
}


@article {KP16,
    AUTHOR = {Kosygina, Elena and Peterson, Jonathon},
     TITLE = {Functional limit laws for recurrent excited random walks with
              periodic cookie stacks},
   JOURNAL = {Electron. J. Probab.},
  FJOURNAL = {Electronic Journal of Probability},
    VOLUME = {21},
      YEAR = {2016},
     PAGES = {Paper No. 70, 24},
      ISSN = {1083-6489},
   MRCLASS = {60K35 (60F17 60G50)},
  MRNUMBER = {3580036},
MRREVIEWER = {Xinghua\ Zheng},
       DOI = {10.1214/16-EJP14},
       URL = {https://doi.org/10.1214/16-EJP14},
}


@article {PW97,
    AUTHOR = {Perman, Mihael and Werner, Wendelin},
     TITLE = {Perturbed {B}rownian motions},
   JOURNAL = {Probab. Theory Related Fields},
  FJOURNAL = {Probability Theory and Related Fields},
    VOLUME = {108},
      YEAR = {1997},
    NUMBER = {3},
     PAGES = {357--383},
      ISSN = {0178-8051,1432-2064},
   MRCLASS = {60J65 (60J15)},
  MRNUMBER = {1465164},
MRREVIEWER = {Davar\ Khoshnevisan},
       DOI = {10.1007/s004400050113},
       URL = {https://doi.org/10.1007/s004400050113},
}

@article {T96,
    AUTHOR = {T\'{o}th, B\'{a}lint},
     TITLE = {Generalized {R}ay-{K}night theory and limit theorems for
              self-interacting random walks on {${\bf Z}^1$}},
   JOURNAL = {Ann. Probab.},
  FJOURNAL = {The Annals of Probability},
    VOLUME = {24},
      YEAR = {1996},
    NUMBER = {3},
     PAGES = {1324--1367},
      ISSN = {0091-1798,2168-894X},
   MRCLASS = {60J15 (60F05 82C41)},
  MRNUMBER = {1411497},
MRREVIEWER = {Pierre\ Vallois},
       DOI = {10.1214/aop/1065725184},
       URL = {https://doi.org/10.1214/aop/1065725184},
}

@article {KMP22,
    AUTHOR = {Kosygina, Elena and Mountford, Thomas and Peterson, Jonathon},
     TITLE = {Convergence of random walks with {M}arkovian cookie stacks to
              {B}rownian motion perturbed at extrema},
   JOURNAL = {Probab. Theory Related Fields},
  FJOURNAL = {Probability Theory and Related Fields},
    VOLUME = {182},
      YEAR = {2022},
    NUMBER = {1-2},
     PAGES = {189--275},
      ISSN = {0178-8051,1432-2064},
   MRCLASS = {60K35 (60F17 60J55)},
  MRNUMBER = {4367948},
MRREVIEWER = {Tam\'{a}s\ Szabados},
       DOI = {10.1007/s00440-021-01055-3},
       URL = {https://doi.org/10.1007/s00440-021-01055-3},
}


@article {Dav96,
    AUTHOR = {Davis, Burgess},
     TITLE = {Weak limits of perturbed random walks and the equation
              {$Y_t=B_t+\alpha\sup\{Y_s\colon\ s\leq
              t\}+\beta\inf\{Y_s\colon\ s\leq t\}$}},
   JOURNAL = {Ann. Probab.},
  FJOURNAL = {The Annals of Probability},
    VOLUME = {24},
      YEAR = {1996},
    NUMBER = {4},
     PAGES = {2007--2023},
      ISSN = {0091-1798,2168-894X},
   MRCLASS = {60F05 (60J15 60J65 82C41)},
  MRNUMBER = {1415238},
MRREVIEWER = {B\'{a}lint\ T\'{o}th},
       DOI = {10.1214/aop/1041903215},
       URL = {https://doi.org/10.1214/aop/1041903215},
}

@article {HLSH18,
    AUTHOR = {Huss, Wilfried and Levine, Lionel and Sava-Huss, Ecaterina},
     TITLE = {Interpolating between random walk and rotor walk},
   JOURNAL = {Random Structures Algorithms},
  FJOURNAL = {Random Structures \& Algorithms},
    VOLUME = {52},
      YEAR = {2018},
    NUMBER = {2},
     PAGES = {263--282},
      ISSN = {1042-9832,1098-2418},
   MRCLASS = {60G50 (60F17 60J05)},
  MRNUMBER = {3758959},
MRREVIEWER = {Philippe\ Soulier},
       DOI = {10.1002/rsa.20747},
       URL = {https://doi.org/10.1002/rsa.20747},
}

@article {KZ13,
    AUTHOR = {Kosygina, Elena and Zerner, Martin P. W.},
     TITLE = {Excited random walks: results, methods, open problems},
   JOURNAL = {Bull. Inst. Math. Acad. Sin. (N.S.)},
  FJOURNAL = {Bulletin of the Institute of Mathematics. Academia Sinica. New
              Series},
    VOLUME = {8},
      YEAR = {2013},
    NUMBER = {1},
     PAGES = {105--157},
      ISSN = {2304-7909,2304-7895},
   MRCLASS = {60K35 (60J80 60K37)},
  MRNUMBER = {3097419},
MRREVIEWER = {Andrew\ R.\ Wade},
}
